<?xml version="1.0" encoding="UTF-8"?><collection xmlns="http://www.loc.gov/MARC21/slim"><record><leader>00426nam--2200157-i-4500</leader><controlfield tag="001">000011803</controlfield><controlfield tag="002">20161230</controlfield><controlfield tag="005">20170219003533</controlfield><controlfield tag="008">060222s1000------------r-----000-0-eng-d</controlfield><datafield ind1=" " ind2=" " tag="100"><subfield code="a">Craiu, Mariana</subfield></datafield><datafield ind1=" " ind2=" " tag="245"><subfield code="a">Culegere de probleme de analiza matematica</subfield></datafield><datafield ind1=" " ind2=" " tag="260"><subfield code="a">Bucuresti</subfield><subfield code="b">Editura Didactica Si Pedagogica</subfield><subfield code="c">1976</subfield></datafield><datafield ind1=" " ind2=" " tag="300"><subfield code="a">437 p</subfield></datafield><datafield ind1=" " ind2=" " tag="700"><subfield code="a">Rosculet, Marcel N</subfield></datafield><datafield ind1=" " ind2=" " tag="852"><subfield code="a">43583</subfield><subfield code="c">517</subfield></datafield><datafield ind1=" " ind2=" " tag="CAT"><subfield code="a">SYS</subfield><subfield code="c">20170219</subfield><subfield code="h">003533</subfield></datafield></record></collection>